@manual{v1,
  organization = {TU Dortmund, Fakultät Physik},
  title        = {Versuch Nr. 1},
  subtitle     = {Lebensdauer kosmischer Myonen},
  year         = 2023
}

@manual{v21,
  organization = {TU Dortmund, Fakultät Physik},
  title        = {Versuch Nr. 21},
  subtitle     = {Optisches Pumpen},
  year         = 2023
}

@manual{v48,
  organization = {TU Dortmund, Fakultät Physik},
  title        = {Versuch Nr. 48},
  subtitle     = {Dipolrelaxation in Ionenkristallen},
  year         = 2023
}

@manual{v53,
  organization = {TU Dortmund, Fakultät Physik},
  title        = {Versuch Nr. 53},
  subtitle     = {Mikrowellen auf Hohlleiter},
  year         = 2023
}

@manual{v64,
  organization = {TU Dortmund, Fakultät Physik},
  title        = {Versuch Nr. 64},
  subtitle     = {Moderne Interferometrie},
  year         = 2023
}


@manual{v107,
  organization = {TU Dortmund, Fakultät Physik},
  title        = {Versuch Nr. 107},
  subtitle     = {Das Kugelfall-Viskosimeter nach Höppler},
  year         = 2021
}

@manual{v103,
  organization = {TU Dortmund, Fakultät Physik},
  title        = {Versuch Nr. 103},
  subtitle     = {Biegung elastischer Stäbe},
  year         = 2021
}

@manual{v203,
  organization = {TU Dortmund, Fakultät Physik},
  title        = {Versuch Nr. 203},
  subtitle     = {Verdampfungswärme und Dampfdruck-Kurve},
  year         = 2021
}

@manual{v204,
  organization = {TU Dortmund, Fakultät Physik},
  title        = {Versuch Nr. 204},
  subtitle     = {Wärmeleitung von Metallen},
  year         = 2021
}

@manual{v302,
  organization = {TU Dortmund, Fakultät Physik},
  title        = {Versuch Nr. 302},
  subtitle     = {Elektrische Brückenschaltungen},
  year         = 2021
}

@manual{v303,
  organization = {TU Dortmund, Fakultät Physik},
  title        = {Versuch Nr. 302},
  subtitle     = {Der Lock-In-Verstärker},
  year         = 2021
}

@manual{v353,
  organization = {TU Dortmund, Fakultät Physik},
  title        = {Versuch Nr. 353},
  subtitle     = {Das Relaxationsverhalten eines RC-Kreises},
  year         = 2021
}

@manual{v354,
  organization = {TU Dortmund, Fakultät Physik},
  title        = {Versuch Nr. 354},
  subtitle     = {Gedämpfte und erzwungene Schwingungen},
  year         = 2021
}

@manual{v400,
  organization = {TU Dortmund, Fakultät Physik},
  title        = {Versuch Nr. 400},
  subtitle     = {Reflexion, Brechung und Beugung},
  year         = 2022
}

@manual{v401,
  organization = {TU Dortmund, Fakultät Physik},
  title        = {Versuch Nr. 401},
  subtitle     = {Das Michelson-Interferometer},
  year         = 2022
}

@manual{v500,
  organization = {TU Dortmund, Fakultät Physik},
  title        = {Versuch Nr. 500},
  subtitle     = {Der Photoeffekt},
  year         = 2022
}

@manual{v503,
  organization = {TU Dortmund, Fakultät Physik},
  title        = {Versuch Nr. 503},
  subtitle     = {Der Millikan-Oltröpfchenversuch},
  year         = 2022
}

@manual{v601,
  organization = {TU Dortmund, Fakultät Physik},
  title        = {Versuch Nr. 601},
  subtitle     = {Der Franck-Hertz Versuch},
  year         = 2022
}

@manual{v602,
  organization = {TU Dortmund, Fakultät Physik},
  title        = {Versuch Nr. 602},
  subtitle     = {Röntgenemission und -absorption},
  year         = 2022
}

@manual{v606,
  organization = {TU Dortmund, Fakultät Physik},
  title        = {Versuch Nr. 606},
  subtitle     = {Messung der Suszeptibilität paramagnetischer Substanzen},
  year         = 2022
}

@manual{v702,
  organization = {TU Dortmund, Fakultät Physik},
  title        = {Versuch Nr. 702},
  subtitle     = {Aktivierung durch Neutronen},
  year         = 2022
}

@manual{v704,
  organization = {TU Dortmund, Fakultät Physik},
  title        = {Versuch Nr. 704},
  subtitle     = {Absorption von Gamma- und Beta-Strahlung},
  year         = 2022
}

@manual{vUS1,
  organization = {TU Dortmund, Fakultät Physik},
  title        = {Versuch Nr. US1},
  subtitle     = {Grundlagen der Ultraschalltechnik},
  year         = 2022
}

@manual{vUS2,
  organization = {TU Dortmund, Fakultät Physik},
  title        = {Versuch Nr. US2},
  subtitle     = {Scanverfahren in der Ultraschalltechnik},
  year         = 2022
}

@manual{vUS3,
  organization = {TU Dortmund, Fakultät Physik},
  title        = {Versuch Nr. US3},
  subtitle     = {Doppler-Sonographie},
  year         = 2022
}

@book{Thermo_Heintz,
  title     = {Thermodynamik},
  subtitle  = {Grundlagen und Anwendungen},
  author    = {Andreas Heintz},
  year      = {2017},
  isbn      = {978-3-662-49922-1},
  publisher = {Springer Spektrum},
  location  = {Berlin, Heidelberg},
  doi       = {https://doi.org/10.1007/978-3-662-49922-1},
  edition   = {2}
}

@book{Physikalisches_Praktikum,
  title     = {Physikalisches Praktikum},
  subtitle  = {Mit multimedialen ergänzungen},
  author    = {Dieter Geschke},
  year      = {2001},
  isbn      = {978-3-519-10206-9},
  publisher = {Teubner},
  location  = {Stuttgart/Leipzig/Wiesbaden},
  doi       = {https://doi.org/10.1007/978-3-8351-9081-8},
  edition   = {12}
}

@online{den_wasser,
  title        = {Water Density Calculator},
  organization = {Frostburg State University},
  urldate      = {2021-12-10},
  url          = {https://antoine.frostburg.edu/chem/senese/javascript/water-density.html}
}

@online{Edelstahl,
  title        = {Edelstahl Rostfrei – Eigenschaften},
  organization = {Informationsstelle Edelstahl Rostfrei},
  urldate      = {2022-01-09},
  url          = {https://www.edelstahl-rostfrei.de/fileadmin/user_upload/ISER/downloads/SD_863.pdf}
}

@online{Brechung,
  title        = {Refractive index database},
  organization = {Mikhail Polyanskiy},
  urldate      = {2022-04-30},
  url          = {https://refractiveindex.info/}
}
@book{Metzler,
  title     = {Metzler Physik},
  author    = {J. Grehn,J. Krause},
  year      = {2007},
  isbn      = {978-3-507-10710-6},
  publisher = {Bildunghaus Schulbuchverlage},
  location  = {Braunschweig},
  edition   = {4}
}

@online{HG-Lampe,
  title        = {Spektrum der Hg-Spektrallampe},
  organization = {FU Berlin},
  urldate      = {2022-04-11},
  url          = {https://www.physik.fu-berlin.de/studium/lehre/gp/dateien/skripte/NP_Skripte/NP_Optik/OPS_Linien_A4p.pdf}
}

@online{Schall,
  title        = {Mathematische Analyse des Dopplersignals zur quantitativen Bestimmung des Blutflusses},
  organization = {Uni Marburg},
  urldate      = {2022-04-12},
  url          = {http://archiv.ub.uni-marburg.de/diss/z2011/0432/pdf/demms.pdf}
}

@online{per_on,
  title   = {Das Periodensystem der Elemente online},
  author  = {Rene Rausch},
  urldate = {2022-05-16},
  url     = {https://www.periodensystem-online.de/index.php}
}
@online{Schallgeschwindigkeit,
  title   = {Schallgeschwindigkeit im Material},
  author  = {Evident-Olymups},
  urldate = {2022-05-19},
  url     = {https://www.olympus-ims.com/de/ndt-tutorials/thickness-gauge/appendices-velocities/}
}
@online{Franck,
  title   = {Franck-Hertz-Versuch mit Quecksilber und Neon},
  author  = {Uni Konstanz},
  urldate = {2022-06-03},
  url     = {https://ap.physik.uni-konstanz.de/ap-public/Anleitungen/Franck-Hertz.pdf}
}

@online{energie,
  title   = {X-ray Transition Energies Database},
  author  = {PHYSICAL MEASUREMENT LABORATORY},
  urldate = {2022-06-08},
  url     = {https://physics.nist.gov/PhysRefData/XrayTrans/Html/search.html}
}
@online{6061,
  title   = {Dineodymium Trioxide},
  urldate = {2022-06-23},
  url     = {https://www.webelements.com/compounds/neodymium/dineodymium_trioxide.html}
}

@online{6062,
  title   = {Digadolinium Trioxide},
  urldate = {2022-06-23},
  url     = {https://www.webelements.com/compounds/gadolinium/digadolinium_trioxide.html}
}

@online{6063,
  title   = {Didysprosium Trioxide},
  urldate = {2022-06-23},
  url     = {https://www.webelements.com/compounds/dysprosium/didysprosium_trioxide.html}
}

@online{Rubidium,
  title   = {Rubidium},
  urldate = {2023-05-17},
  url     = {https://www.webelements.com/rubidium/}
}

@online{Reflexklystron,
  title   = {Reflex Klystron},
  urldate = {2023-05-01},
  url     = {https://electronicsdesk.com/reflex-klystron.html}
}

@online{Hohleiter,
  title   = {Ausbreitung von Mikrowellen in Hohlleitern, Mikrowellenoptik},
  urldate = {2023-05-01},
  url     = {http://dodo.fb06.fh-muenchen.de/maier/PraktikumPh4/Anleitungen/MIW_WS1314.pdf}
}

@online{Erdmagnetfeld,
  title   = {Messung des Erdmagnetfeldes in der PTB},
  urldate = {2023-05-17},
  url     = {https://www.ptb.de/cms/nc/ptb/fachabteilungen/abt2/fb-25/ag-251/live-daten-erdmagnetfeldmessung.html}
}

@article{ITCFuller,
  author  = {Fuller,Richard M.  and Fuller,Robert G. },
  title   = {Research Project for Undergraduates: Ionic Thermoconductivity in Dielectrics},
  journal = {American Journal of Physics},
  volume  = {40},
  number  = {6},
  pages   = {883-887},
  year    = {1972},
  doi     = {10.1119/1.1986687},
  url     = {https://doi.org/10.1119/1.1986687},
  eprint  = {https://doi.org/10.1119/1.1986687}
}

@article{v21bild,
  author = {Borgosano, Francesco},
  year   = {2012},
  month  = {01},
  pages  = {},
  title  = {Studies of the influence of thermodynamical parameters on the production rate of hyperpolarised 129Xe and the degree of hyperpolarisation}
}

@book{Pfeiler,
  url         = {https://doi.org/10.1515/9783110445718},
  title       = {Band 5 Quanten, Atome, Kerne, Teilchen},
  author      = {Wolfgang Pfeiler},
  publisher   = {De Gruyter},
  address     = {Berlin, Boston},
  doi         = {doi:10.1515/9783110445718},
  isbn        = {9783110445718},
  year        = {2017},
  lastchecked = {2023-05-10}
}


@book{Marx,
  url         = {https://doi.org/10.1524/9783110358704},
  title       = {Festkörperphysik},
  author      = {Rudolf Gross and Achim Marx},
  publisher   = {De Gruyter Oldenbourg},
  address     = {München},
  doi         = {doi:10.1524/9783110358704},
  isbn        = {9783110358704},
  year        = {2014},
  lastchecked = {2023-04-18}
}

@book{OptikHecht,
  url         = {https://doi.org/10.1515/9783110526653},
  title       = {Optik},
  author      = {Eugene Hecht},
  publisher   = {De Gruyter},
  address     = {Berlin, Boston},
  doi         = {doi:10.1515/9783110526653},
  isbn        = {9783110526653},
  year        = {2018},
  lastchecked = {2023-04-21}
}

@article{Lorentz-Lorenz,
  author      = {Mayerhöfer, Thomas G. and Popp, Jürgen},
  title       = {Beyond Beer's Law: Revisiting the Lorentz-Lorenz Equation},
  journal     = {ChemPhysChem},
  volume      = {21},
  number      = {12},
  pages       = {1218-1223},
  keywords    = {absorbance, dispersion, refractive index, Beer's law, Lorentz-Lorenz relation},
  doi         = {https://doi.org/10.1002/cphc.202000301},
  url         = {https://chemistry-europe.onlinelibrary.wiley.com/doi/abs/10.1002/cphc.202000301},
  eprint      = {https://chemistry-europe.onlinelibrary.wiley.com/doi/pdf/10.1002/cphc.202000301},
  abstract    = {Abstract In this contribution we show how the Lorentz-Lorenz and the Clausius-Mosotti equations are related to Beer's law. Accordingly, the linear concentration dependence of absorbance is a consequence of neglecting the difference between the local and the applied electric field. Additionally, it is necessary to assume that the absorption index and the related refractive index change is small. By connecting the Lorentz-Lorenz equations with dispersion theory, it becomes obvious that the oscillators are coupled via the local field. We investigate this coupling with numerical examples and show that, as a consequence, the integrated absorbance of a single band is in general no longer linearly depending on the concentration. In practice, the deviations from Beer's law usually do not set in before the density reaches about one tenth of that of condensed matter. For solutions, the Lorentz-Lorenz equations predict a strong coupling also between the oscillators of solute and solvent. In particular, in the infrared spectral region, the absorption coefficients are prognosticated to be much higher due to this coupling compared to those in the gas phase.},
  year        = {2020},
  lastchecked = {2023-04-27}
}

@manual{Mikrowelle,
  author       = {Philips},
  title        = {Experimente mit Mikrowellen 1},
  organization = {Philips}
}

@book{ATP,
  author = {Grupen, Claus},
  year   = {2017},
  month  = {12},
  pages  = {441},
  title  = {Einstieg in die Astroteilchenphysik},
  isbn   = {978-3-662-55271-1},
  doi    = {10.1007/978-3-662-55271-1}
}

@article{PDG,
  author        = {Workman, R. L. and Others},
  collaboration = {Particle Data Group},
  title         = {{Review of Particle Physics}},
  doi           = {10.1093/ptep/ptac097},
  journal       = {PTEP},
  volume        = {2022},
  pages         = {083C01},
  year          = {2022}
}

@book{Strahl,
  author = {Krieger, Hanno und Petzold, Wolfgang},
  year   = {2013},
  month  = {03},
  pages  = {376},
  title  = {Strahlenphysik, Dosimetrie und Strahlenschutz},
  isbn   = {978-3-322-94129-9},
  doi    = {10.1007/978-3-322-94129-9}
}

@book{TDet,
  author = {Kolanoski, Hermann und Wermes, Norbert},
  year   = {2016},
  month  = {02},
  pages  = {921},
  title  = {Teilchendetektoren},
  isbn   = {978-3-662-45349-0},
  doi    = {10.1007/978-3-662-45350-6}
}
